@book{adams1995hitchhiker,
  title={The Hitchhiker's Guide to the Galaxy},
  author={Adams, D.},
  isbn={9781417642595},
  url={http://books.google.com/books?id=W-xMPgAACAAJ},
  year={1995},
  publisher={San Val}
}

@book{kreyszigfunctional,
  title={Introductory Functional Analysis with Applications},
  author={Kreyszig, E.},
  isbn={},
  url={},
  year={1986},
  publisher={San Val}
}